@article{artic:elso,
title = "Kutatómunka információs eszközei gyakorlat honlap",
journal = "",
volume = "",
number = "",
pages = "",
year = "2017",
note = "\url{http://gpu.wigner.mta.hu/en/laboratory/teaching/research_work}",
author = "{Bíró Gábor, Nagy-Egri Máté}"
}     
%%%%%%%%%%%%%%%%%%%%%%%%%%%%%%%%%%%%%%%%%%%%%%%%%%%%%%%%%%%
@article{artic:masodik,
title = "Kutatómunka információs eszközei gyakorlati anyag",
journal = "",
volume = "",
number = "",
pages = "",
year = "2017",
note = "\url{https://github.com/Wigner-GPU-Lab/Teaching/tree/master/KutInf}",
author = "{Bíró Gábor, Nagy-Egri Máté}"
}     
%%%%%%%%%%%%%%%%%%%%%%%%%%%%%%%%%%%%%%%%%%%%%%%%%%%%%%%%%%%
@article{artic:harmadik,
title = "{\LaTeX\ jegyzet}",
journal = "",
volume = "",
number = "",
pages = "",
year = "2017",
note = "\url{http://math.bme.hu/latex/dl/latex78.pdf}",
author = "{Tobias Oetiker \textit{et al}}"
}     
%%%%%%%%%%%%%%%%%%%%%%%%%%%%%%%%%%%%%%%%%%%%%%%%%%%%%%%%%%%
@article{artic:negyedik,
title = "{\LaTeX\ Wikipedia}",
journal = "",
volume = "",
number = "",
pages = "",
year = "2017",
note = "\url{https://en.wikibooks.org/wiki/LaTeX}",
}
%%%%%%%%%%%%%%%%%%%%%%%%%%%%%%%%%%%%%%%%%%%%%%%%%%%%%%%%%%%
@article{artic:otodik,
title = "Fizika numerikus módszerei II. előadás anyag",
journal = "",
volume = "",
number = "",
pages = "",
year = "2017",
note = "\url{http://www.vo.elte.hu/~dobos/teaching/default.aspx}",
author = "{Dobos László}"
}     